@book{numericalIEEE,
    author =       "Michael L. Overton",
    title =        "Numerical Computing with IEEE Floating Point Arithmetic",
    year      = "2001",
    publisher = "SIAM - Society for Industrial and Applied Mathematics",
    address   = "University City Science Center, Philadelphia"
}